@online{fritz_sonnenberg,
  author = {Fritz Sonnenberg},
  title = {{SONNENBERG \& ASSOCIATES PROPERTY AND LEGAL ADVICE NEWSLETTER \#28}},
  year = 2015,
  url = {http://sonnenberg.co.za/PDF/Newsletter28.pdf},
  }

@online{simone_dickson,
 author = {Simone Dickson},
 title = {{Validly cancelling or amending an agreement via email in spite of a non-variation clause}},
 year = {2015},
 url = {https://www.cliffedekkerhofmeyr.com/en/news/publications/2015/tmt/tmt-alert-18-february-validly-cancelling-or-amending-an-agreement-via-email-in-spite-of-a-non-variation-clause.html},
 }

@online{rmtucker,
 author = {Ryan M Tucker},
 title = {CONTRACT LAW: NON-VARIATION CLAUSES – MEETING MODERN BUSINESS PRACTICES},
 year = {2015},
 url = {https://www.rmtucker.co.za/contract-law-non-variation-clauses-meeting-modern-business-practices/},
 }

@online{abgross,
  author = {{Abrahams \& Gross}},
  title = {Written agreements – can they be amended or cancelled via email?},
  year = {2017},
  url = {http://www.abgross.co.za/written-agreements-cancelled-email/},
}